@inproceedings{data,
 author = {Pettersen, Svein Arne and Johansen, Dag and Johansen, H{\aa}vard and Berg-Johansen, Vegard and Gaddam, Vamsidhar Reddy and Mortensen, Asgeir and Langseth, Ragnar and Griwodz, Carsten and Stensland, H{\aa}kon Kvale and Halvorsen, P{\aa}l},
 title = {Soccer Video and Player Position Dataset},
 booktitle = {Proceedings of the 5th ACM Multimedia Systems Conference},
 series = {MMSys '14},
 year = {2014},
 isbn = {978-1-4503-2705-3},
 location = {Singapore, Singapore},
 pages = {18--23},
 numpages = {6},
 url = {http://doi.acm.org/10.1145/2557642.2563677},
 doi = {10.1145/2557642.2563677},
 acmid = {2563677},
 publisher = {ACM},
 address = {New York, NY, USA},
 keywords = {body-sensors, panorama video, position tracking, soccer},
}


@misc{code,
  author = {G.Afentoulidis and A.Overvoorde},
  title = {Data Visualization Project},
  year = {2016},
  publisher = {GitHub},
  journal = {GitHub repository},
  howpublished = {\url{https://github.com/Overv/DataVisualizationProject}}
}


